@phdthesis{lv2019jiyu,
  title={基于集成回声状态网络的时间序列预测问题研究},
  author={吕盛祥},
  year={2019},
  school={华中科技大学},
  langid={chinese}
}

@phdthesis{hu2021jiyu,
  title={基于改进回声状态网络的能源预测问题研究},
  author={胡焕玲},
  year={2021},
  school={华中科技大学},
  langid={chinese}
}

@phdthesis{wang2015jiyu,
  title={基于随机映射神经网络的多元时间序列预测方法研究},
  author={王新迎},
  year={2015},
  school={大连理工大学},
  langid={chinese}
}

@phdthesis{shen2018jiyu,
  title={基于随机映射神经网络的非线性时间序列建模预测研究},
  author={沈力华},
  year={2018},
  school={华中科技大学},
  langid={chinese}
}

@article{shen2018duoxishu,
  title={多稀疏回声状态网络预测模型},
  author={沈力华 and 陈吉红 and 曾志刚 and 杜宝瑞 and 金健},
  journal={控制理论与应用},
  volume={35},
  number={4},
  pages={421--428},
  year={2018},
  langid={chinese}
}

@article{shen2017jiyu,
  title={基于鲁棒极端学习机的混沌时间序列建模预测},
  author={沈力华 and 陈吉红 and 曾志刚 and 金健},
  journal={物理学报},
  volume={66},
  number={23},
  pages={230501},
  year={2017},
  language={chinese}
}

@mastersthesis{fu2021jiyu,
  title={基于随机向量泛函链接网络的短期电力负荷预测研究},
  author={付守浩},
  year={2021},
  school={南昌大学},
  langid={chinese}
}

@article{li2016juanji,
  title={卷积神经网络研究综述},
  author={李彦冬 and 郝宗波 and 雷航},
  journal={计算机应用},
  volume={36},
  number={9},
  pages={2508--2515},
  year={2016},
  langid={chinese}
}

@phdthesis{hu2015jiyu,
  title={基于文化基因算法的电力负荷预测模型及应用研究},
  author={胡忠义},
  year={2015},
  school={华中科技大学},
  langid = {chinese},
}

@article{yang2018xunhuan,
  title={循环神经网络研究综述},
  author={杨丽 and 吴雨茜 and 王俊丽 and 刘义理},
  journal={计算机应用},
  volume={38},
  number={A02},
  pages={1--6},
  year={2018},
  langid={chinese}
}

@article{chen2022growing,
  title = {Growing Echo State Network with an Inverse-Free Weight Update Strategy},
  author = {Chen, Xiufang and Luo, Xin and Jin, Long and Li, Shuai and Liu, Mei},
  year = {2023},
  journal = {IEEE Transactions on Cybernetics},
  volume = {53},
  number = {2},
  pages = {753--764}
}

@article{liMultireservoir2022,
  title = {Multi-Reservoir Echo State Networks with Sequence Resampling for Nonlinear Time-Series Prediction},
  author = {Li, Ziqiang and Tanaka, Gouhei},
  year = {2022},
  journal = {Neurocomputing},
  volume = {467},
  pages = {115--129}
}

@article{liuPower2022,
  title = {Power System Load Forecasting Using Mobility Optimization and Multi-Task Learning in {{COVID-19}}},
  author = {Liu, Jiefeng and Zhang, Zhenhao and Fan, Xianhao and Zhang, Yiyi and Wang, Jiaqi and Zhou, Ke and Liang, Shuo and Yu, Xiaoyong and Zhang, Wei},
  year = {2022},
  journal = {Applied Energy},
  volume = {310},
  pages = {118303}
}

@article{naModified2022,
  title = {Modified {{BBO-based}} Multivariate Time-Series Prediction System with Feature Subset Selection and Model Parameter Optimization},
  author = {Na, Xiaodong and Han, Min and Ren, Weijie and Zhong, Kai},
  year = {2022},
  journal = {IEEE Transactions on Cybernetics},
  volume = {52},
  number = {4},
  pages = {2163--2173}
}

@article{renMultivariate2022,
  title = {Multivariate Time Series Predictor with Parameter Optimization and Feature Selection Based on Modified Binary Salp Swarm Algorithm},
  author = {Ren, Weijie and Ma, Dewei and Han, Min},
  year = {2022},
  journal = {IEEE Transactions on Industrial Informatics},
  pages = {1--10}
}

@article{bennetNevergrad2021,
  title = {Nevergrad: Black-Box Optimization Platform},
  author = {Bennet, Pauline and Doerr, Carola and Moreau, Antoine and Rapin, Jeremy and Teytaud, Fabien and Teytaud, Olivier},
  year = {2021},
  journal = {ACM SIGEVOlution},
  volume = {14},
  number = {1},
  pages = {8--15}
}

@article{cavalliCNNbased2021,
  title = {{{CNN}}-Based Multivariate Data Analysis for Bitcoin Trend Prediction},
  author = {Cavalli, Stefano and Amoretti, Michele},
  year = {2021},
  journal = {Applied Soft Computing},
  volume = {101},
  pages = {107065}
}

@article{hewamalageRecurrent2021,
  title = {Recurrent {{Neural Networks}} for {{Time Series Forecasting}}: {{Current}} Status and Future Directions},
  author = {Hewamalage, Hansika and Bergmeir, Christoph and Bandara, Kasun},
  year = {2021},
  journal = {International Journal of Forecasting},
  volume = {37},
  number = {1},
  pages = {388--427}
}

@article{huangFunctional2021,
  title = {Functional Deep Echo State Network Improved by a Bi-Level Optimization Approach for Multivariate Time Series Classification},
  author = {Huang, Zhaoke and Yang, Chunhua and Chen, Xiaofang and Zhou, Xiaojun and Chen, Guo and Huang, Tingwen and Gui, Weihua},
  year = {2021},
  journal = {Applied Soft Computing},
  volume = {106},
  pages = {107314}
}

@article{obstAdaptive2021,
  title = {Adaptive Methods for Short-Term Electricity Load Forecasting during {{COVID-19}} Lockdown in France},
  author = {Obst, David and De Vilmarest, Joseph and Goude, Yannig},
  year = {2021},
  journal = {IEEE Transactions on Power Systems},
  volume = {36},
  number = {5},
  pages = {4754--4763}
}

@inproceedings{wuFrugal2021,
  title = {Frugal Optimization for Cost-Related Hyperparameters},
  booktitle = {Proceedings of the {{Thirty-Fifth AAAI Conference}} on {{Artificial Intelligence}}},
  author = {Wu, Qingyun and Wang, Chi and Huang, Silu},
  year = {2021},
  pages = {10347--10354}
}

@article{yangComprehensive2021,
  title = {Comprehensive Learning Particle Swarm Optimization Enabled Modeling Framework for Multi-Step-Ahead Influenza Prediction},
  author = {Yang, Siyue and Bao, Yukun},
  year = {2021},
  journal = {Applied Soft Computing},
  volume = {113},
  pages = {107994}
}

@inproceedings{yangShortterm2021,
  title = {Short-Term Load Forecasting of Central China Based on {{DPSO-LSTM}}},
  booktitle = {{{IEEE}} 4th {{International Electrical}} and {{Energy Conference}}},
  author = {Yang, Jianhua and Zhang, Xinze and Bao, Yukun},
  year = {2021},
  pages = {1--5}
}

@article{yuInvestigation2020,
  title = {Investigation of Diversity Strategies in {{RVFL}} Network Ensemble Learning for Crude Oil Price Forecasting},
  author = {Yu, Lean and Wu, Yao and Tang, Ling and Yin, Hang and Lai, Kin Keung},
  year = {2021},
  journal = {Soft Computing},
  volume = {25},
  pages = {3609--3622}
}

@article{zhangErrorfeedback2021,
  title = {Error-Feedback Stochastic Modeling Strategy for Time Series Forecasting with Convolutional Neural Networks},
  author = {Zhang, Xinze and He, Kun and Bao, Yukun},
  year = {2021},
  journal = {Neurocomputing},
  volume = {459},
  pages = {234--248}
}

@article{bandaraForecasting2020,
  title = {Forecasting across Time Series Databases Using Recurrent Neural Networks on Groups of Similar Series: A Clustering Approach},
  author = {Bandara, Kasun and Bergmeir, Christoph and Smyl, Slawek},
  year = {2020},
  journal = {Expert Systems with Applications},
  volume = {140},
  pages = {112896}
}

@article{chimmulaTime2020,
  title = {Time Series Forecasting of {{COVID}}-19 Transmission in {{Canada}} Using {{LSTM}} Networks},
  author = {Chimmula, Vinay Kumar Reddy and Zhang, Lei},
  year = {2020},
  journal = {Chaos, Solitons \& Fractals},
  volume = {135},
  pages = {109864}
}

@article{hongEnergy2020,
  title = {Energy Forecasting: A Review and Outlook},
  author = {Hong, Tao and Pinson, Pierre and Wang, Yi and Weron, Rafa{\l} and Yang, Dazhi and Zareipour, Hamidreza},
  year = {2020},
  journal = {IEEE Open Access Journal of Power and Energy},
  volume = {7},
  pages = {376--388}
}

@article{huForecasting2020,
  title = {Forecasting Energy Consumption and Wind Power Generation Using Deep Echo State Network},
  author = {Hu, Huanling and Wang, Lin and Lv, Sheng-Xiang},
  year = {2020},
  journal = {Renewable Energy},
  volume = {154},
  pages = {598--613}
}

@inproceedings{liAutoST2020,
  title = {{{AutoST}}: {{Efficient Neural Architecture Search}} for {{Spatio}}-{{Temporal Prediction}}},
  booktitle = {Proceedings of the 26th {{ACM SIGKDD International Conference}} on {{Knowledge Discovery}} \& {{Data Mining}}},
  author = {Li, Ting and Zhang, Junbo and Bao, Kainan and Liang, Yuxuan and Li, Yexin and Zheng, Yu},
  year = {2020},
  pages = {794--802}
}

@article{liuDSTPRNN2020,
  title = {{{DSTP}}-{{RNN}}: {{A}} Dual-Stage Two-Phase Attention-Based Recurrent Neural Network for Long-Term and Multivariate Time Series Prediction},
  author = {Liu, Yeqi and Gong, Chuanyang and Yang, Ling and Chen, Yingyi},
  year = {2020},
  journal = {Expert Systems with Applications},
  volume = {143},
  pages = {113082}
}

@inproceedings{liuImproved2020,
  title = {An Improved Analysis of Stochastic Gradient Descent with Momentum},
  booktitle = {Advances in {{Neural Information Processing Systems}}},
  author = {Liu, Yanli and Gao, Yuan and Yin, Wotao},
  year = {2020},
  pages = {18261--18271}
}

@article{livieris2020cnn,
  title = {A {{CNN}}\textendash{{LSTM}} Model for Gold Price Time-Series Forecasting},
  author = {Livieris, Ioannis E and Pintelas, Emmanuel and Pintelas, Panagiotis},
  year = {2020},
  journal = {Neural Computing and Applications},
  volume = {32},
  pages = {17351--17360}
}

@article{niuDeveloping2020,
  title = {Developing a Deep Learning Framework with Two-Stage Feature Selection for Multivariate Financial Time Series Forecasting},
  author = {Niu, Tong and Wang, Jianzhou and Lu, Haiyan and Yang, Wendong and Du, Pei},
  year = {2020},
  journal = {Expert Systems with Applications},
  volume = {148},
  pages = {113237}
}

@article{niuWind2020,
  title = {Wind Power Forecasting Using Attention-Based Gated Recurrent Unit Network},
  author = {Niu, Zhewen and Yu, Zeyuan and Tang, Wenhu and Wu, Qinghua and Reformat, Marek},
  year = {2020},
  journal = {Energy},
  volume = {196},
  pages = {117081}
}

@article{pengEffective2020,
  title = {Effective Long Short-Term Memory with Fruit Fly Optimization Algorithm for Time Series Forecasting},
  author = {Peng, Lu and Zhu, Qing and Lv, Sheng-Xiang and Wang, Lin},
  year = {2020},
  journal = {Soft Computing},
  volume = {24},
  number = {19},
  pages = {15059--15079}
}

@article{salinasDeepAR2020,
  title = {{{DeepAR}}: {{Probabilistic}} Forecasting with Autoregressive Recurrent Networks},
  author = {Salinas, David and Flunkert, Valentin and Gasthaus, Jan and Januschowski, Tim},
  year = {2020},
  journal = {International Journal of Forecasting},
  volume = {36},
  number = {3},
  pages = {1181--1191}
}

@article{sezerFinancial2020,
  title = {Financial Time Series Forecasting with Deep Learning : {{A}} Systematic Literature Review: 2005\textendash 2019},
  author = {Sezer, Omer Berat and Gudelek, Mehmet Ugur and Ozbayoglu, Ahmet Murat},
  year = {2020},
  journal = {Applied Soft Computing},
  volume = {90},
  pages = {106181}
}

@article{sunReview2020,
  title = {A Review of Designs and Applications of Echo State Networks},
  author = {Sun, Chenxi and Song, Moxian and Hong, Shenda and Li, Hongyan},
  year = {2020},
  journal = {CoRR},
  volume = {abs/2012.02974}
}

@inproceedings{wangEconomic2020,
  title = {Economic Hyperparameter Optimization with Blended Search Strategy},
  booktitle = {International {{Conference}} on {{Learning Representations}}},
  author = {Wang, Chi and Wu, Qingyun and Huang, Silu and Saied, Amin},
  year = {2020}
}

@article{wangNovel2020,
  title = {A {{Novel Framework}} of {{Reservoir Computing}} for {{Deterministic}} and {{Probabilistic Wind Power Forecasting}}},
  author = {Wang, J. and Niu, T. and Lu, H. and Yang, W. and Du, P.},
  year = {2020},
  journal = {IEEE Transactions on Sustainable Energy},
  volume = {11},
  number = {1},
  pages = {337--349}
}

@inproceedings{akibaOptuna2019,
  title = {Optuna: A next-Generation Hyperparameter Optimization Framework},
  booktitle = {Proceedings of the 25th {{ACM SIGKDD International Conference}} on {{Knowledge Discovery}} \& {{Data Mining}}},
  author = {Akiba, Takuya and Sano, Shotaro and Yanase, Toshihiko and Ohta, Takeru and Koyama, Masanori},
  year = {2019},
  pages = {2623--2631}
}

@inproceedings{allen-zhuConvergence2019,
  title = {On the Convergence Rate of Training Recurrent Neural Networks},
  booktitle = {Advances in {{Neural Information Processing Systems}}},
  author = {{Allen-Zhu}, Zeyuan and Li, Yuanzhi and Song, Zhao},
  year = {2019},
  pages = {6673--6685}
}

@article{alomStateoftheart2019,
  title = {A State-of-the-Art Survey on Deep Learning Theory and Architectures},
  author = {Alom, Md Zahangir and Taha, Tarek M and Yakopcic, Chris and Westberg, Stefan and Sidike, Paheding and Nasrin, Mst Shamima and Hasan, Mahmudul and Van Essen, Brian C and Awwal, Abdul AS and Asari, Vijayan K},
  year = {2019},
  journal = {Electronicsweek},
  volume = {8},
  number = {3},
  pages = {292}
}

@inproceedings{antogniniAudio2019,
  title = {Audio Texture Synthesis with Random Neural Networks: {{Improving}} Diversity and Quality},
  booktitle = {{{IEEE International Conference}} on {{Acoustics}}, {{Speech}} and {{Signal Processing}}},
  author = {Antognini, Joseph M and Hoffman, Matt and Weiss, Ron J},
  year = {2019},
  pages = {3587--3591}
}

@article{caiDayahead2019,
  title = {Day-Ahead Building-Level Load Forecasts Using Deep Learning vs. {{Traditional}} Time-Series Techniques},
  author = {Cai, Mengmeng and Pipattanasomporn, Manisa and Rahman, Saifur},
  year = {2019},
  journal = {Applied Energy},
  volume = {236},
  pages = {1078--1088}
}

@article{elskenNeural2019a,
  title = {Neural Architecture Search: {{A}} Survey},
  author = {Elsken, Thomas and Metzen, Jan Hendrik and Hutter, Frank},
  year = {2019},
  journal = {Journal of Machine Learning Research},
  volume = {20},
  pages = {1--21}
}

@article{fuEvolutionary2019,
  title = {Evolutionary Support Vector Machine for {{RMB}} Exchange Rate Forecasting},
  author = {Fu, Sibao and Li, Yongwu and Sun, Shaolong and Li, Hongtao},
  year = {2019},
  journal = {Physica A: Statistical Mechanics and its Applications},
  volume = {521},
  pages = {692--704}
}

@article{gaoShortTerm2019,
  title = {Short-{{Term Electricity Load Forecasting Model Based}} on {{EMD}}-{{GRU}} with {{Feature Selection}}},
  author = {Gao, Xin and Li, Xiaobing and Zhao, Bing and Ji, Weijia and Jing, Xiao and He, Yang},
  year = {2019},
  journal = {Energies},
  volume = {12},
  number = {6},
  pages = {1140}
}

@article{heHybrid2019,
  title = {A Hybrid Short-Term Load Forecasting Model Based on Variational Mode Decomposition and Long Short-Term Memory Networks Considering Relevant Factors with Bayesian Optimization Algorithm},
  author = {He, Feifei and Zhou, Jianzhong and Feng, Zhong-kai and Liu, Guangbiao and Yang, Yuqi},
  year = {2019},
  journal = {Applied Energy},
  volume = {237},
  pages = {103--116}
}

@article{hongGlobal2019,
  title = {Global Energy Forecasting Competition 2017: Hierarchical Probabilistic Load Forecasting},
  author = {Hong, Tao and Xie, Jingrui and Black, Jonathan},
  year = {2019},
  journal = {International Journal of Forecasting},
  volume = {35},
  number = {4},
  pages = {1389--1399}
}

@article{liEALSTM2019,
  title = {{{EA-LSTM}}: Evolutionary Attention-Based {{LSTM}} for Time Series Prediction},
  author = {Li, Youru and Zhu, Zhenfeng and Kong, Deqiang and Han, Hua and Zhao, Yao},
  year = {2019},
  journal = {Knowledge-Based Systems},
  volume = {181},
  pages = {104785}
}

@article{lindbergLongterm2019,
  title = {Long-Term Electricity Load Forecasting: {{Current}} and Future Trends},
  author = {Lindberg, K. B. and Seljom, P. and Madsen, H. and Fischer, D. and Korp{\aa}s, M.},
  year = {2019},
  journal = {Utilities Policy},
  volume = {58},
  pages = {102--119}
}

@article{liPSObased2019,
  title = {{{PSO}}-Based Growing Echo State Network},
  author = {Li, Ying and Li, Fanjun},
  year = {2019},
  journal = {Applied Soft Computing},
  volume = {85},
  pages = {105774}
}

@inproceedings{loshchilovDecoupled2019,
  title = {Decoupled Weight Decay Regularization},
  booktitle = {International {{Conference}} on {{Learning Representations}}},
  author = {Loshchilov, Ilya and Hutter, Frank},
  year = {2019}
}

@inproceedings{masumInvestigation2019,
  title = {Investigation of {{Machine Learning Techniques}} in {{Forecasting}} of {{Blood Pressure Time Series Data}}},
  booktitle = {Artificial {{Intelligence XXXVI}} - 39th {{SGAI International Conference}} on {{Artificial Intelligence}}},
  author = {Masum, Shamsul and Chiverton, John P. and Liu, Ying and Vuksanovic, Branislav},
  year = {2019},
  pages = {269--282}
}

@incollection{miikkulainenChapter2019,
  title = {Evolving Deep Neural Networks},
  booktitle = {Artificial {{Intelligence}} in the {{Age}} of {{Neural Networks}} and {{Brain Computing}}},
  author = {Miikkulainen, Risto and Liang, Jason and Meyerson, Elliot and Rawal, Aditya and Fink, Daniel and Francon, Olivier and Raju, Bala and Shahrzad, Hormoz and Navruzyan, Arshak and Duffy, Nigel and Hodjat, Babak},
  year = {2019},
  pages = {293--312}
}

@article{mudelseeTrend2019,
  title = {Trend Analysis of Climate Time Series: {{A}} Review of Methods},
  author = {Mudelsee, Manfred},
  year = {2019},
  journal = {Earth-Science Reviews},
  volume = {190},
  pages = {310--322}
}

@inproceedings{paszkePytorch2019,
  title = {Pytorch: {{An}} Imperative Style, High-Performance Deep Learning Library},
  booktitle = {Advances in {{Neural Information Processing Systems}}},
  author = {Paszke, Adam and Gross, Sam and Massa, Francisco and Lerer, Adam and Bradbury, James and Chanan, Gregory and Killeen, Trevor and Lin, Zeming and Gimelshein, Natalia and Antiga, Luca and others},
  year = {2019},
  pages = {8026--8037}
}

@article{sadaei2019short,
  title = {Short-Term Load Forecasting by Using a Combined Method of Convolutional Neural Networks and Fuzzy Time Series},
  author = {Sadaei, Hossein Javedani and {e Silva}, Petr{\^o}nio C{\^a}ndido de Lima and Guimar{\~a}es, Frederico Gadelha and Lee, Muhammad Hisyam},
  year = {2019},
  journal = {Energy},
  volume = {175},
  pages = {365--377}
}

@article{tanakaRecent2019,
  title = {Recent Advances in Physical Reservoir Computing: {{A}} Review},
  author = {Tanaka, Gouhei and Yamane, Toshiyuki and H{\'e}roux, Jean Benoit and Nakane, Ryosho and Kanazawa, Naoki and Takeda, Seiji and Numata, Hidetoshi and Nakano, Daiju and Hirose, Akira},
  year = {2019},
  journal = {Neural Networks},
  volume = {115},
  pages = {100--123}
}

@article{tangNew2019,
  title = {A New Approach of Integrating Piecewise Linear Representation and Weighted Support Vector Machine for Forecasting Stock Turning Points},
  author = {Tang, Huimin and Dong, Peiwu and Shi, Yong},
  year = {2019},
  journal = {Applied Soft Computing},
  volume = {78},
  pages = {685--696}
}

@article{wangPhotovoltaic2019,
  title = {Photovoltaic Power Forecasting Based {{LSTM}}-{{Convolutional Network}}},
  author = {Wang, Kejun and Qi, Xiaoxia and Liu, Hongda},
  year = {2019},
  journal = {Energy},
  volume = {189},
  pages = {116225}
}

@article{wuImproved2019,
  title = {Improved {{EEMD}}-Based Crude Oil Price Forecasting Using {{LSTM}} Networks},
  author = {Wu, Yu-Xi and Wu, Qing-Biao and Zhu, Jia-Qi},
  year = {2019},
  journal = {Physica A: Statistical Mechanics and its Applications},
  volume = {516},
  pages = {114--124}
}

@article{xiaoShortterm2019,
  title = {Short-Term Traffic Volume Prediction by Ensemble Learning in Concept Drifting Environments},
  author = {Xiao, Jianhua and Xiao, Zhu and Wang, Dong and Bai, Jing and Havyarimana, Vincent and Zeng, Fanzi},
  year = {2019},
  journal = {Knowledge-Based Systems},
  volume = {164},
  pages = {213--225}
}

@article{xu2019hybrid,
  title = {Hybrid Regularized Echo State Network for Multivariate Chaotic Time Series Prediction},
  author = {Xu, Meiling and Han, Min and Qiu, Tie and Lin, Hongfei},
  year = {2019},
  journal = {IEEE Transactions on Cybernetics},
  volume = {49},
  number = {6},
  pages = {2305--2315}
}

@article{yangDynamical2019,
  title = {Dynamical Regularized Echo State Network for Time Series Prediction},
  author = {Yang, Cuili and Qiao, Junfei and Wang, Lei and Zhu, Xinxin},
  year = {2019},
  journal = {Neural Computing and Applications},
  volume = {31},
  number = {10},
  pages = {6781--6794}
}

@article{yuImpact2019,
  title = {Impact of Random Weights on Nonlinear System Identification Using Convolutional Neural Networks},
  author = {Yu, Wen and Pacheco, Mario},
  year = {2019},
  journal = {Information Sciences},
  volume = {477},
  pages = {1--14}
}

@article{zahidElectricity2019,
  title = {Electricity {{Price}} and {{Load Forecasting}} Using {{Enhanced Convolutional Neural Network}} and {{Enhanced Support Vector Regression}} in {{Smart Grids}}},
  author = {Zahid, Maheen and Ahmed, Fahad and Javaid, Nadeem and Abbasi, Raza Abid and Zainab Kazmi, Hafiza Syeda and Javaid, Atia and Bilal, Muhammad and Akbar, Mariam and Ilahi, Manzoor},
  year = {2019},
  journal = {Electronicsweek},
  volume = {8},
  number = {2},
  pages = {122}
}

@article{bouktifOptimal2018,
  title = {Optimal {{Deep Learning LSTM Model}} for {{Electric Load Forecasting}} Using {{Feature Selection}} and {{Genetic Algorithm}}: {{Comparison}} with {{Machine Learning Approaches}}},
  author = {Bouktif, Salah and Fiaz, Ali and Ouni, Ali and Serhani, Mohamed Adel},
  year = {2018},
  journal = {Energies},
  volume = {11},
  number = {7},
  pages = {1636}
}

@article{caoReview2018,
  title = {A Review on Neural Networks with Random Weights},
  author = {Cao, Weipeng and Wang, Xizhao and Ming, Zhong and Gao, Jinzhu},
  year = {2018},
  journal = {Neurocomputing},
  volume = {275},
  pages = {278--287}
}

@article{dongSmall2018,
  title = {Small and Multi-Peak Nonlinear Time Series Forecasting Using a Hybrid Back Propagation Neural Network},
  author = {Dong, Xuefan and Lian, Ying and Liu, Yijun},
  year = {2018},
  journal = {Information Sciences},
  volume = {424},
  pages = {39--54}
}

@inproceedings{falknerBOHB2018,
  title = {{{BOHB}}: Robust and Efficient Hyperparameter Optimization at Scale},
  booktitle = {International {{Conference}} on {{Machine Learning}}},
  author = {Falkner, Stefan and Klein, Aaron and Hutter, Frank},
  year = {2018},
  pages = {1437--1446}
}

@article{gallicchioDesign2018,
  title = {Design of Deep Echo State Networks},
  author = {Gallicchio, Claudio and Micheli, Alessio and Pedrelli, Luca},
  year = {2018},
  journal = {Neural Networks},
  volume = {108},
  pages = {33--47}
}

@inproceedings{koprinskaConvolutional2018,
  title = {Convolutional {{Neural Networks}} for {{Energy Time Series Forecasting}}},
  booktitle = {International {{Joint Conference}} on {{Neural Networks}}},
  author = {Koprinska, I. and Wu, D. and Wang, Z.},
  year = {2018},
  pages = {1--8}
}

@inproceedings{liawTune2018,
  title = {Tune: A Research Platform for Distributed Model Selection and Training},
  booktitle = {International {{Conference}} on {{Machine Learning}}},
  author = {Liaw, Richard and Liang, Eric and Nishihara, Robert and Moritz, Philipp and Gonzalez, Joseph E and Stoica, Ion},
  year = {2018}
}

@inproceedings{liuHierarchical2018a,
  title = {Hierarchical Representations for Efficient Architecture Search},
  booktitle = {International {{Conference}} on {{Learning Representations}}},
  author = {Liu, Hanxiao and Simonyan, Karen and Vinyals, Oriol and Fernando, Chrisantha and Kavukcuoglu, Koray},
  year = {2018}
}

@article{lv2018stacked,
  title = {Stacked Autoencoder with Echo-State Regression for Tourism Demand Forecasting Using Search Query Data},
  author = {Lv, Sheng-Xiang and Peng, Lu and Wang, Lin},
  year = {2018},
  journal = {Applied Soft Computing},
  volume = {73},
  pages = {119--133}
}

@article{pengEffective2018,
  title = {Effective Long Short-Term Memory with Differential Evolution Algorithm for Electricity Price Prediction},
  author = {Peng, Lu and Liu, Shan and Liu, Rui and Wang, Lin},
  year = {2018},
  journal = {Energy},
  volume = {162},
  pages = {1301--1314}
}

@inproceedings{reddiConvergence2018,
  title = {On the Convergence of Adam and Beyond},
  booktitle = {International {{Conference}} on {{Learning Representations}}},
  author = {Reddi, Sashank J and Kale, Satyen and Kumar, Sanjiv},
  year = {2018}
}

@article{sezer2018algorithmic,
  title = {Algorithmic Financial Trading with Deep Convolutional Neural Networks: Time Series to Image Conversion Approach},
  author = {Sezer, Omer Berat and Ozbayoglu, Ahmet Murat},
  year = {2018},
  journal = {Applied Soft Computing},
  volume = {70},
  pages = {525--538}
}

@article{shiDeep2018,
  title = {Deep {{Learning}} for {{Household Load Forecasting}}\textemdash{{A Novel Pooling Deep RNN}}},
  author = {Shi, Heng and Xu, Minghao and Li, Ran},
  year = {2018},
  journal = {IEEE Transactions on Smart Grid},
  volume = {9},
  number = {5},
  pages = {5271--5280}
}

@article{wang2018crude,
  title = {Crude Oil Price Forecasting Based on Internet Concern Using an Extreme Learning Machine},
  author = {Wang, Jue and Athanasopoulos, George and Hyndman, Rob J and Wang, Shouyang},
  year = {2018},
  journal = {International Journal of Forecasting},
  volume = {34},
  number = {4},
  pages = {665--677}
}

@article{wang2018effective,
  title = {Effective Sparse Adaboost Method with {{ESN}} and {{FOA}} for Industrial Electricity Consumption Forecasting in China},
  author = {Wang, Lin and Lv, Sheng-Xiang and Zeng, Yu-Rong},
  year = {2018},
  journal = {Energy},
  volume = {155},
  pages = {1013--1031}
}

@article{wangEffective2018,
  title = {Effective Electricity Energy Consumption Forecasting Using Echo State Network Improved by Differential Evolution Algorithm},
  author = {Wang, Lin and Hu, Huanling and Ai, Xue-Yi and Liu, Hua},
  year = {2018},
  journal = {Energy},
  volume = {153},
  pages = {801--815}
}

@article{wangRandom2018,
  title = {Random {{Forest}} Based Hourly Building Energy Prediction},
  author = {Wang, Zeyu and Wang, Yueren and Zeng, Ruochen and Srinivasan, Ravi S. and Ahrentzen, Sherry},
  year = {2018},
  journal = {Energy and Buildings},
  volume = {171},
  pages = {11--25}
}

@book{weigend2018time,
  title = {Time Series Prediction: Forecasting the Future and Understanding the Past},
  author = {Weigend, Andreas S},
  year = {2018}
}

@article{xiongSeasonal2018,
  title = {Seasonal Forecasting of Agricultural Commodity Price Using a Hybrid {{STL}} and {{ELM}} Method: {{Evidence}} from the Vegetable Market in {{China}}},
  author = {Xiong, Tao and Li, Chongguang and Bao, Yukun},
  year = {2018},
  journal = {Neurocomputing},
  volume = {275},
  pages = {2831--2844}
}

@article{xueFinancial2018,
  title = {Financial Time Series Prediction Using {{L2}},{{1RF}}-{{ELM}}},
  author = {Xue, Jingming and Zhou, SiHang and Liu, Qiang and Liu, Xinwang and Yin, Jianping},
  year = {2018},
  journal = {Neurocomputing},
  volume = {277},
  pages = {176--186}
}

@inproceedings{zela2018towards,
  title = {Towards Automated Deep Learning: Efficient Joint Neural Architecture and Hyperparameter Search},
  booktitle = {International {{Conference}} on {{Machine Learning Workshop}} on {{AutoML}}},
  author = {Zela, Arber and Klein, Aaron and Falkner, Stefan and Hutter, Frank},
  year = {2018}
}

@article{zhouRegularization2018,
  title = {Regularization Incremental Extreme Learning Machine with Random Reduced Kernel for Regression},
  author = {Zhou, Zhiyu and Chen, Ji and Zhu, Zefei},
  year = {2018},
  journal = {Neurocomputing},
  volume = {321},
  pages = {72--81}
}

@inproceedings{bakerDesigning2017,
  title = {Designing Neural Network Architectures Using Reinforcement Learning},
  booktitle = {International {{Conference}} on {{Learning Representations}}},
  author = {Baker, Bowen and Gupta, Otkrist and Naik, Nikhil and Raskar, Ramesh},
  year = {2017}
}

@article{chouikhiPSObased2017,
  title = {{{PSO}}-Based Analysis of {{Echo State Network}} Parameters for Time Series Forecasting},
  author = {Chouikhi, Naima and Ammar, Boudour and Rokbani, Nizar and Alimi, Adel M.},
  year = {2017},
  journal = {Applied Soft Computing},
  volume = {55},
  pages = {211--225}
}

@article{gallicchioDeep2017,
  title = {Deep Reservoir Computing: A Critical Experimental Analysis},
  author = {Gallicchio, Claudio and Micheli, Alessio and Pedrelli, Luca},
  year = {2017},
  journal = {Neurocomputing},
  volume = {268},
  pages = {87--99}
}

@article{gallicchioEcho2017,
  title = {Echo State Property of Deep Reservoir Computing Networks},
  author = {Gallicchio, Claudio and Micheli, Alessio},
  year = {2017},
  journal = {Cognitive Computation},
  volume = {9},
  number = {3},
  pages = {337--350}
}

@article{krizhevskyImagenet2017,
  title = {Imagenet Classification with Deep Convolutional Neural Networks},
  author = {Krizhevsky, Alex and Sutskever, Ilya and Hinton, Geoffrey E},
  year = {2017},
  journal = {Communications of the ACM},
  volume = {60},
  number = {6},
  pages = {84--90}
}

@inproceedings{laptevTimeseries2017,
  title = {Time-Series Extreme Event Forecasting with Neural Networks at Uber},
  booktitle = {International {{Conference}} on {{Machine Learning}}},
  author = {Laptev, Nikolay and Yosinski, Jason and Li, Li Erran and Smyl, Slawek},
  year = {2017},
  pages = {1--5}
}

@article{liInsights2017,
  title = {Insights into Randomized Algorithms for Neural Networks: Practical Issues and Common Pitfalls},
  author = {Li, Ming and Wang, Dianhui},
  year = {2017},
  journal = {Information Sciences},
  volume = {382--383},
  pages = {170--178}
}

@article{qiaoGrowing2017,
  title = {Growing Echo-State Network with Multiple Subreservoirs},
  author = {Qiao, J. and Li, F. and Han, H. and Li, W.},
  year = {2017},
  journal = {IEEE Transactions on Neural Networks and Learning Systems},
  volume = {28},
  number = {2},
  pages = {391--404}
}

@inproceedings{qinDualstage2017,
  title = {A Dual-Stage Attention-Based Recurrent Neural Network for Time Series Prediction},
  booktitle = {Proceedings of the {{Twenty-Sixth International Joint Conference}} on {{Artificial Intelligence}}},
  author = {Qin, Yao and Song, Dongjin and Chen, Haifeng and Cheng, Wei and Jiang, Guofei and Cottrell, Garrison W.},
  year = {2017},
  pages = {2627--2633}
}

@article{qiuEmpirical2017,
  title = {Empirical Mode Decomposition Based Ensemble Deep Learning for Load Demand Time Series Forecasting},
  author = {Qiu, Xueheng and Ren, Ye and Suganthan, Ponnuthurai Nagaratnam and Amaratunga, Gehan A. J.},
  year = {2017},
  journal = {Applied Soft Computing},
  volume = {54},
  pages = {246--255}
}

@article{scardapaneRandomness2017,
  title = {Randomness in Neural Networks: An Overview},
  author = {Scardapane, Simone and Wang, Dianhui},
  year = {2017},
  journal = {Wiley Interdisciplinary Reviews: Data Mining and Knowledge Discovery},
  volume = {7},
  number = {2},
  pages = {e1200}
}

@article{songNovel2017,
  title = {A Novel Double Deep {{ELMs}} Ensemble System for Time Series Forecasting},
  author = {Song, Gang and Dai, Qun},
  year = {2017},
  journal = {Knowledge-Based Systems},
  volume = {134},
  pages = {31--49}
}

@article{wang2017stochastic,
  title = {Stochastic Configuration Networks: Fundamentals and Algorithms},
  author = {Wang, Dianhui and Li, Ming},
  year = {2017},
  journal = {IEEE Transactions on Cybernetics},
  volume = {47},
  number = {10},
  pages = {3466--3479}
}

@article{zengSwitching2017,
  title = {A Switching Delayed {{PSO}} Optimized Extreme Learning Machine for Short-Term Load Forecasting},
  author = {Zeng, Nianyin and Zhang, Hong and Liu, Weibo and Liang, Jinling and Alsaadi, Fuad E.},
  year = {2017},
  journal = {Neurocomputing},
  volume = {240},
  pages = {175--182}
}

@article{zhao2017convolutional,
  title = {Convolutional Neural Networks for Time Series Classification},
  author = {Zhao, Bendong and Lu, Huanzhang and Chen, Shangfeng and Liu, Junliang and Wu, Dongya},
  year = {2017},
  journal = {Journal of Systems Engineering and Electronics},
  volume = {28},
  number = {1},
  pages = {162--169}
}

@article{zhaoDeep2017,
  title = {A Deep Learning Ensemble Approach for Crude Oil Price Forecasting},
  author = {Zhao, Yang and Li, Jianping and Yu, Lean},
  year = {2017},
  journal = {Energy Economics},
  volume = {66},
  pages = {9--16}
}

@inproceedings{abadiTensorflow2016,
  title = {Tensorflow: {{A}} System for Large-Scale Machine Learning},
  booktitle = {12th {{USENIX Symposium}} on {{Operating Systems Design}} and {{Implementation}}},
  author = {Abadi, Mart{\'i}n and Barham, Paul and Chen, Jianmin and Chen, Zhifeng and Davis, Andy and Dean, Jeffrey and Devin, Matthieu and Ghemawat, Sanjay and Irving, Geoffrey and Isard, Michael and others},
  year = {2016},
  pages = {265--283}
}

@inproceedings{crone2016feature,
  title = {Feature Selection of Autoregressive Neural Network Inputs for Trend Time Series Forecasting},
  booktitle = {International {{Joint Conference}} on {{Neural Networks}}},
  author = {Crone, Sven F and H{\"a}ger, Stephan},
  year = {2016},
  pages = {1515--1522}
}

@inproceedings{guo2016robust,
  title = {Robust Online Time Series Prediction with Recurrent Neural Networks},
  booktitle = {{{IEEE International Conference}} on {{Data Science}} and {{Advanced Analytics}}},
  author = {Guo, Tian and Xu, Zhao and Yao, Xin and Chen, Haifeng and Aberer, Karl and Funaya, Koichi},
  year = {2016},
  pages = {816--825}
}

@inproceedings{hePowerful2016,
  title = {A Powerful Generative Model Using Random Weights for the Deep Image Representation},
  booktitle = {Advances in {{Neural Information Processing Systems}}},
  author = {He, Kun and Wang, Yan and Hopcroft, John},
  year = {2016},
  pages = {631--639}
}

@article{huShortterm2016,
  title = {A Short-Term Traffic Flow Forecasting Method Based on the Hybrid {{PSO}}-{{SVR}}},
  author = {Hu, Wenbin and Yan, Liping and Liu, Kaizeng and Wang, Huan},
  year = {2016},
  journal = {Neural Processing Letters},
  volume = {43},
  number = {1},
  pages = {155--172}
}

@inproceedings{seideCNTK2016,
  title = {{{CNTK}}: Microsoft's Open-Source Deep-Learning Toolkit},
  booktitle = {Proceedings of the 22nd {{ACM SIGKDD International Conference}} on {{Knowledge Discovery}} and {{Data Mining}}},
  author = {Seide, Frank and Agarwal, Amit},
  year = {2016},
  pages = {2135--2135}
}

@article{tangExtreme2016,
  title = {Extreme {{Learning Machine}} for {{Multilayer Perceptron}}},
  author = {Tang, J. and Deng, C. and Huang, G.},
  year = {2016},
  journal = {IEEE Transactions on Neural Networks and Learning Systems},
  volume = {27},
  number = {4},
  pages = {809--821}
}

@inproceedings{wangTraffic2016,
  title = {Traffic Speed Prediction and Congestion Source Exploration: {{A}} Deep Learning Method},
  booktitle = {{{IEEE}} 16th {{International Conference}} on {{Data Mining}}},
  author = {Wang, J. and Gu, Q. and Wu, J. and Liu, G. and Xiong, Z.},
  year = {2016},
  pages = {499--508}
}

@inproceedings{bahdanauNeural2015,
  title = {Neural Machine Translation by Jointly Learning to Align and Translate},
  booktitle = {International {{Conference}} on {{Learning Representations}}},
  author = {Bahdanau, Dzmitry and Cho, KyungHyun and Bengio, Yoshua},
  year = {2015}
}

@book{boxTime2011,
  title = {Time Series Analysis: Forecasting and Control},
  author = {Box, George EP and Jenkins, Gwilym M and Reinsel, Gregory C},
  year = {2015}
}

@inproceedings{heDelving2015,
  title = {Delving Deep into Rectifiers: {{Surpassing}} Human-Level Performance on Imagenet Classification},
  booktitle = {Proceedings of the {{IEEE International Conference}} on {{Computer Vision}}},
  author = {He, Kaiming and Zhang, Xiangyu and Ren, Shaoqing and Sun, Jian},
  year = {2015},
  pages = {1026--1034}
}

@article{huHybrid2015,
  title = {Hybrid Filter\textendash Wrapper Feature Selection for Short-Term Load Forecasting},
  author = {Hu, Zhongyi and Bao, Yukun and Xiong, Tao and Chiong, Raymond},
  year = {2015},
  journal = {Engineering Applications of Artificial Intelligence},
  volume = {40},
  pages = {17--27}
}

@inproceedings{kingmaAdam2015,
  title = {Adam: A Method for Stochastic Optimization},
  booktitle = {International {{Conference}} on {{Learning Representations}}},
  author = {Kingma, Diederik P and Ba, Jimmy},
  year = {2015}
}

@article{lecunDeep2015,
  title = {Deep Learning},
  author = {LeCun, Yann and Bengio, Yoshua and Hinton, Geoffrey},
  year = {2015},
  journal = {Nature},
  volume = {521},
  number = {7553},
  pages = {436--444}
}

@inproceedings{simonyanVery2015,
  title = {Very Deep Convolutional Networks for Large-Scale Image Recognition},
  booktitle = {International {{Conference}} on {{Learning Representations}}},
  author = {Simonyan, Karen and Zisserman, Andrew},
  year = {2015}
}

@article{wangBack2015,
  title = {Back Propagation Neural Network with Adaptive Differential Evolution Algorithm for Time Series Forecasting},
  author = {Wang, Lin and Zeng, Yi and Chen, Tao},
  year = {2015},
  journal = {Expert Systems with Applications},
  volume = {42},
  number = {2},
  pages = {855--863}
}

@article{wangOptimizing2015,
  title = {Optimizing the Echo State Network with a Binary Particle Swarm Optimization Algorithm},
  author = {Wang, Heshan and Yan, Xuefeng},
  year = {2015},
  journal = {Knowledge-Based Systems},
  volume = {86},
  pages = {182--193}
}

@article{xiongCombination2015,
  title = {A Combination Method for Interval Forecasting of Agricultural Commodity Futures Prices},
  author = {Xiong, Tao and Li, Chongguang and Bao, Yukun and Hu, Zhongyi and Zhang, Lu},
  year = {2015},
  journal = {Knowledge-Based Systems},
  volume = {77},
  pages = {92--102}
}

@inproceedings{yang2015deep,
  title = {Deep Convolutional Neural Networks on Multichannel Time Series for Human Activity Recognition},
  booktitle = {Proceedings of the {{Twenty-Fourth International Joint Conference}} on {{Artificial Intelligence}}},
  author = {Yang, Jianbo and Nguyen, Minh Nhut and San, Phyo Phyo and Li, Xiao Li and Krishnaswamy, Shonali},
  year = {2015},
  pages = {3995--4001}
}

@article{yuLearning2015,
  title = {Learning Deep Representations via Extreme Learning Machines},
  author = {Yu, Wenchao and Zhuang, Fuzhen and He, Qing and Shi, Zhongzhi},
  year = {2015},
  journal = {Neurocomputing},
  volume = {149},
  pages = {308--315}
}

@article{baoMultistepahead2014,
  title = {Multi-Step-Ahead Time Series Prediction Using Multiple-Output Support Vector Regression},
  author = {Bao, Yukun and Xiong, Tao and Hu, Zhongyi},
  year = {2014},
  journal = {Neurocomputing},
  volume = {129},
  pages = {482--493}
}

@article{baoPSOMISMO2014,
  title = {{{PSO}}-{{MISMO Modeling Strategy}} for {{MultiStep}}-{{Ahead Time Series Prediction}}},
  author = {Bao, Yukun and Xiong, Tao and Hu, Zhongyi},
  year = {2014},
  journal = {IEEE Transactions on Cybernetics},
  volume = {44},
  number = {5},
  pages = {655--668}
}

@article{choProperties2014,
  title = {On the Properties of Neural Machine Translation: Encoder\textendash Decoder Approaches},
  author = {Cho, Kyunghyun and {van Merri{\"e}nboer}, Bart and Bahdanau, Dzmitry and Bengio, Yoshua},
  year = {2014},
  journal = {Proceedings of SSST EMNLP 2014, Eighth Workshop on Syntax, Semantics and Structure in Statistical Translation},
  pages = {103--111}
}

@inproceedings{sutskeverSequence2014,
  title = {Sequence to Sequence Learning with Neural Networks},
  booktitle = {Advances in {{Neural Information Processing Systems}}},
  author = {Sutskever, Ilya and Vinyals, Oriol and Le, Quoc V.},
  year = {2014},
  pages = {3104--3112}
}

@article{zamora-martinezOnline2014,
  title = {On-Line Learning of Indoor Temperature Forecasting Models towards Energy Efficiency},
  author = {{Zamora-Mart{\'i}nez}, F. and Romeu, P. and {Botella-Rocamora}, P. and Pardo, J.},
  year = {2014},
  journal = {Energy and Buildings},
  volume = {83},
  pages = {162--172}
}

@article{baoPSO2013,
  title = {A {{PSO}} and Pattern Search Based Memetic Algorithm for {{SVMs}} Parameters Optimization},
  author = {Bao, Yukun and Hu, Zhongyi and Xiong, Tao},
  year = {2013},
  journal = {Neurocomputing},
  volume = {117},
  pages = {98--106}
}

@inproceedings{bergstraMaking2013,
  title = {Making a Science of Model Search: Hyperparameter Optimization in Hundreds of Dimensions for Vision Architectures},
  booktitle = {International {{Conference}} on {{Machine Learning}}},
  author = {Bergstra, James and Yamins, Daniel and Cox, David},
  year = {2013},
  pages = {115--123}
}

@article{ferreiraApproach2013,
  title = {An Approach to Reservoir Computing Design and Training},
  author = {Ferreira, Aida A. and Ludermir, Teresa B. and {de Aquino}, Ronaldo R. B.},
  year = {2013},
  journal = {Expert Systems with Applications},
  volume = {40},
  number = {10},
  pages = {4172--4182}
}

@article{huElectricity2013,
  title = {Electricity Load Forecasting Using Support Vector Regression with Memetic Algorithms},
  author = {Hu, Zhongyi and Bao, Yukun and Xiong, Tao},
  year = {2013},
  journal = {The Scientific World Journal},
  volume = {2013},
  pages = {292575}
}

@inproceedings{pascanuDifficulty2013,
  title = {On the Difficulty of Training Recurrent Neural Networks},
  booktitle = {International {{Conference}} on {{Machine Learning}}},
  author = {Pascanu, Razvan and Mikolov, Tomas and Bengio, Yoshua},
  year = {2013},
  pages = {1310--1318}
}

@article{sanchezImage2013,
  title = {Image Classification with the Fisher Vector: Theory and Practice},
  author = {S{\'a}nchez, Jorge and Perronnin, Florent and Mensink, Thomas and Verbeek, Jakob},
  year = {2013},
  journal = {International Journal of Computer Vision},
  volume = {105},
  number = {3},
  pages = {222--245}
}

@inproceedings{sutskeverImportance2013,
  title = {On the Importance of Initialization and Momentum in Deep Learning},
  booktitle = {International {{Conference}} on {{Machine Learning}}},
  author = {Sutskever, Ilya and Martens, James and Dahl, George and Hinton, Geoffrey},
  year = {2013},
  pages = {1139--1147}
}

@book{vapnikNature2013,
  title = {The Nature of Statistical Learning Theory},
  author = {Vapnik, Vladimir},
  year = {2013}
}

@article{bergstraRandom2012,
  title = {Random Search for Hyper-Parameter Optimization},
  author = {Bergstra, James and Bengio, Yoshua},
  year = {2012},
  journal = {Journal of Machine Learning Research},
  volume = {13},
  number = {2}
}

@incollection{bottouStochastic2012,
  title = {Stochastic Gradient Descent Tricks},
  booktitle = {Neural {{Networks}}: {{Tricks}} of the {{Trade}}: {{Second Edition}}},
  author = {Bottou, L{\'e}on},
  year = {2012},
  volume = {7700},
  pages = {421--436}
}

@article{deihimiApplication2012,
  title = {Application of Echo State Networks in Short-Term Electric Load Forecasting},
  author = {Deihimi, Ali and Showkati, Hemen},
  year = {2012},
  journal = {Energy},
  volume = {39},
  number = {1},
  pages = {327--340}
}

@article{floresEvolutive2012,
  title = {Evolutive Design of {{ARMA}} and {{ANN}} Models for Time Series Forecasting},
  author = {Flores, Juan J. and Graff, Mario and Rodriguez, Hector},
  year = {2012},
  journal = {Renewable Energy},
  volume = {44},
  pages = {225--230}
}

@article{huangExtreme2012,
  title = {Extreme {{Learning Machine}} for {{Regression}} and {{Multiclass Classification}}},
  author = {Huang, Guang-Bin and Zhou, Hongming and Ding, Xiaojian and Zhang, Rui},
  year = {2012},
  journal = {IEEE Transactions on Systems, Man, and Cybernetics, Part B (Cybernetics)},
  volume = {42},
  number = {2},
  pages = {513--529}
}

@inproceedings{mikolovContext2012,
  title = {Context Dependent Recurrent Neural Network Language Model},
  booktitle = {{{IEEE Spoken Language Technology Workshop}}},
  author = {Mikolov, Tomas and Zweig, Geoffrey},
  year = {2012},
  pages = {234--239}
}

@inproceedings{snoekPractical2012,
  title = {Practical Bayesian Optimization of Machine Learning Algorithms},
  booktitle = {Advances in {{Neural Information Processing Systems}}},
  author = {Snoek, Jasper and Larochelle, Hugo and Adams, Ryan P},
  year = {2012},
  pages = {2960--2968}
}

@article{adeodatoMLP2011,
  title = {{{MLP}} Ensembles Improve Long Term Prediction Accuracy over Single Networks},
  author = {Adeodato, Paulo J. L. and Arnaud, Adrian L. and Vasconcelos, Germano C. and Cunha, Rodrigo C. L. V. and Monteiro, Domingos S. M. P.},
  year = {2011},
  journal = {International Journal of Forecasting},
  volume = {27},
  number = {3},
  pages = {661--671}
}

@inproceedings{bergstraAlgorithms2011,
  title = {Algorithms for Hyper-Parameter Optimization},
  booktitle = {Advances in {{Neural Information Processing Systems}}},
  author = {Bergstra, James and Bardenet, R{\'e}mi and Bengio, Yoshua and K{\'e}gl, Bal{\'a}zs},
  year = {2011},
  pages = {2546--2554}
}

@article{duchiAdaptive2011,
  title = {Adaptive Subgradient Methods for Online Learning and Stochastic Optimization},
  author = {Duchi, John and Hazan, Elad and Singer, Yoram},
  year = {2011},
  journal = {Journal of Machine Learning Research},
  volume = {12},
  number = {7},
  pages = {2121--2159}
}

@inproceedings{maasLearning2011,
  title = {Learning Word Vectors for Sentiment Analysis},
  booktitle = {Proceedings of the 49th {{Annual Meeting}} of the {{Association}} for {{Computational Linguistics}}: {{Human Language Technologies}}},
  author = {Maas, Andrew and Daly, Raymond E and Pham, Peter T and Huang, Dan and Ng, Andrew Y and Potts, Christopher},
  year = {2011},
  pages = {142--150}
}

@inproceedings{sanchezHighdimensional2011,
  title = {High-Dimensional Signature Compression for Large-Scale Image Classification},
  booktitle = {{{IEEE Conference}} on {{Computer Vision}} and {{Pattern Recognition}}},
  author = {S{\'a}nchez, Jorge and Perronnin, Florent},
  year = {2011},
  pages = {1665--1672}
}

@article{wangForecasting2011,
  title = {Forecasting Stock Indices with Back Propagation Neural Network},
  author = {Wang, Jian-Zhou and Wang, Ju-Jie and Zhang, Zhe-George and Guo, Shu-Po},
  year = {2011},
  journal = {Expert Systems with Applications},
  volume = {38},
  number = {11},
  pages = {14346--14355}
}

@inproceedings{glorotUnderstanding2010,
  title = {Understanding the Difficulty of Training Deep Feedforward Neural Networks},
  booktitle = {Proceedings of the {{Thirteenth International Conference}} on {{Artificial Intelligence}} and {{Statistics}}},
  author = {Glorot, Xavier and Bengio, Yoshua},
  year = {2010},
  pages = {249--256}
}

@article{guyonModel2010,
  title = {Model Selection: Beyond the Bayesian/Frequentist Divide},
  author = {Guyon, Isabelle and Saffari, Amir and Dror, Gideon and Cawley, Gavin},
  year = {2010},
  journal = {Journal of Machine Learning Research},
  volume = {11},
  pages = {61--87}
}

@inproceedings{perronninLargescale2010,
  title = {Large-Scale Image Retrieval with Compressed Fisher Vectors},
  booktitle = {{{IEEE Computer Society Conference}} on {{Computer Vision}} and {{Pattern Recognition}}},
  author = {Perronnin, Florent and Liu, Yan and S{\'a}nchez, Jorge and Poirier, Herv{\'e}},
  year = {2010},
  pages = {3384--3391}
}

@article{chuForecasting2009,
  title = {Forecasting Tourism Demand with {{ARMA-based}} Methods},
  author = {Chu, Fong-Lin},
  year = {2009},
  journal = {Tourism Management},
  volume = {30},
  number = {5},
  pages = {740--751}
}

@inproceedings{dengImageNet2009,
  title = {{{ImageNet}}: A Large-Scale Hierarchical Image Database},
  booktitle = {{{IEEE Conference}} on {{Computer Vision}} and {{Pattern Recognition}}},
  author = {Deng, Jia and Dong, Wei and Socher, Richard and Li, Li-Jia and Li, Kai and {Fei-Fei}, Li},
  year = {2009},
  pages = {248--255}
}

@article{escalanteParticle2009,
  title = {Particle Swarm Model Selection},
  author = {Escalante, Hugo Jair and Montes, Manuel and Sucar, Luis Enrique},
  year = {2009},
  journal = {Journal of Machine Learning Research},
  volume = {10},
  pages = {405--440}
}

@article{hamzacebiComparison2009,
  title = {Comparison of Direct and Iterative Artificial Neural Network Forecast Approaches in Multi-Periodic Time Series Forecasting},
  author = {Hamza{\c c}ebi, Co{\c s}kun and Akay, Diyar and Kutay, Fevzi},
  year = {2009},
  journal = {Expert Systems with Applications},
  volume = {36},
  number = {2},
  pages = {3839--3844}
}

@book{hastieElements2009,
  title = {The Elements of Statistical Learning: Data Mining, Inference, and Prediction},
  author = {Hastie, Trevor and Tibshirani, Robert and Friedman, Jerome H and Friedman, Jerome H},
  year = {2009},
  volume = {2}
}

@article{lukovsevivcius2009reservoir,
  title = {Reservoir Computing Approaches to Recurrent Neural Network Training},
  author = {Luko{\v s}evi{\v c}ius, Mantas and Jaeger, Herbert},
  year = {2009},
  journal = {Computer Science Review},
  volume = {3},
  number = {3},
  pages = {127--149}
}

@inproceedings{taiebLongterm2009,
  title = {Long-Term Prediction of Time Series by Combining Direct and {{MIMO}} Strategies},
  booktitle = {International {{Joint Conference}} on {{Neural Networks}}},
  author = {Taieb, S. B. and Bontempi, G. and Sorjamaa, A. and Lendasse, A.},
  year = {2009},
  pages = {3054--3061}
}

@inproceedings{vanheeswijkAdaptive2009,
  title = {Adaptive {{Ensemble Models}} of {{Extreme Learning Machines}} for {{Time Series Prediction}}},
  booktitle = {Proceedings of the 19th {{International Conference}} on {{Artificial Neural Networks}}},
  author = {{van Heeswijk}, Mark and Miche, Yoan and {Lindh-Knuutila}, Tiina and Hilbers, Peter A. J. and Honkela, Timo and Oja, Erkki and Lendasse, Amaury},
  year = {2009},
  pages = {305--314}
}

@inproceedings{bontempiLong2008,
  title = {Long Term Time Series Prediction with Multi-Input Multi-Output Local Learning},
  booktitle = {Proceedings of the 2nd {{European Symposium}} on {{Time Series Prediction}} ({{TSP}})},
  author = {Bontempi, Gianluca},
  year = {2008},
  pages = {145--154}
}

@article{hyndmanAutomatic2008,
  title = {Automatic Time Series Forecasting: The Forecast Package for {{R}}},
  author = {Hyndman, Rob J and Khandakar, Yeasmin},
  year = {2008},
  journal = {Journal of Statistical Software},
  volume = {27},
  pages = {1--22}
}

@article{qi2008trend,
  title = {Trend Time\textendash Series Modeling and Forecasting with Neural Networks},
  author = {Qi, M. and Zhang, G. P.},
  year = {2008},
  journal = {IEEE Transactions on Neural Networks},
  volume = {19},
  number = {5},
  pages = {808--816}
}

@article{edigerARIMA2007,
  title = {{{ARIMA}} Forecasting of Primary Energy Demand by Fuel in Turkey},
  author = {Ediger, Volkan {\c S}. and Akar, Serta{\c c}},
  year = {2007},
  journal = {Energy Policy},
  volume = {35},
  number = {3},
  pages = {1701--1708}
}

@article{sorjamaaMethodology2007,
  title = {Methodology for Long-Term Prediction of Time Series},
  author = {Sorjamaa, Antti and Hao, Jin and Reyhani, Nima and Ji, Yongnan and Lendasse, Amaury},
  year = {2007},
  journal = {Neurocomputing},
  volume = {70},
  number = {16},
  pages = {2861--2869}
}

@article{xueDecoupled2007,
  title = {Decoupled Echo State Networks with Lateral Inhibition},
  author = {Xue, Yanbo and Yang, Le and Haykin, Simon},
  year = {2007},
  journal = {Neural Networks},
  volume = {20},
  number = {3},
  pages = {365--376}
}

@inproceedings{baoFast2006,
  title = {A Fast Grid Search Method in Support Vector Regression Forecasting Time Series},
  booktitle = {International {{Conference}} on {{Intelligent Data Engineering}} and {{Automated Learning}}},
  author = {Bao, Yukun and Liu, Zhitao},
  year = {2006},
  pages = {504--511}
}

@article{gardnerExponential2006,
  title = {Exponential Smoothing: The State of the Art\textemdash Part {{II}}},
  author = {Gardner, Everette S.},
  year = {2006},
  journal = {International Journal of Forecasting},
  volume = {22},
  number = {4},
  pages = {637--666}
}

@article{hintonReducing2006,
  title = {Reducing the Dimensionality of Data with Neural Networks},
  author = {Hinton, Geoffrey E and Salakhutdinov, Ruslan R},
  year = {2006},
  journal = {Science},
  volume = {313},
  number = {5786},
  pages = {504--507}
}

@article{huang2006universal,
  title = {Universal Approximation Using Incremental Constructive Feedforward Networks with Random Hidden Nodes},
  author = {Huang, Guang-Bin and Chen, Lei and Siew, Chee Kheong and others},
  year = {2006},
  journal = {IEEE Transactions on Neural Networks},
  volume = {17},
  number = {4},
  pages = {879--892}
}

@article{huangExtreme2006,
  title = {Extreme Learning Machine: {{Theory}} and Applications},
  author = {Huang, Guang-Bin and Zhu, Qin-Yu and Siew, Chee-Kheong},
  year = {2006},
  journal = {Neurocomputing},
  volume = {70},
  number = {1},
  pages = {489--501}
}

@article{nesterovCubic2006,
  title = {Cubic Regularization of Newton Method and Its Global Performance},
  author = {Nesterov, Yurii and Polyak, B.T.},
  year = {2006},
  journal = {Mathematical Programming},
  volume = {108},
  number = {1},
  pages = {177--205}
}

@article{jaegerHarnessing2004,
  title = {Harnessing Nonlinearity: Predicting Chaotic Systems and Saving Energy in Wireless Communication},
  author = {Jaeger, Herbert and Haas, Harald},
  year = {2004},
  journal = {Science},
  volume = {304},
  number = {5667},
  pages = {78--80}
}

@article{jonesStatistical1972,
  title = {A Statistical Interpretation of Term Specificity and Its Application in Retrieval},
  author = {Jones, Karen Sparck},
  year = {2004},
  journal = {Journal of Documentation},
  volume = {60},
  number = {5},
  pages = {493--502}
}

@article{aizawaInformationtheoretic2003,
  title = {An Information-Theoretic Perspective of {{TF}}\textendash{{IDF}} Measures},
  author = {Aizawa, Akiko},
  year = {2003},
  journal = {Information Processing \& Management},
  volume = {39},
  number = {1},
  pages = {45--65}
}

@inproceedings{jaegerAdaptive2002,
  title = {Adaptive Nonlinear System Identification with Echo State Networks},
  booktitle = {Advances in {{Neural Information Processing Systems}}},
  author = {Jaeger, Herbert},
  year = {2002},
  pages = {593--600}
}

@book{vogel2002computational,
  title = {Computational Methods for Inverse Problems},
  author = {Vogel, Curtis R},
  year = {2002}
}

@article{jaegerEcho2001,
  title = {The ``Echo State'' Approach to Analysing and Training Recurrent Neural Networks-with an Erratum Note},
  author = {Jaeger, Herbert},
  year = {2001},
  journal = {Bonn, Germany: German National Research Center for Information Technology GMD Technical Report},
  volume = {148},
  number = {34},
  pages = {13}
}

@article{zhangSimulation2001,
  title = {A Simulation Study of Artificial Neural Networks for Nonlinear Time-Series Forecasting},
  author = {Zhang, G. Peter and Patuwo, B. Eddy and Hu, Michael Y.},
  year = {2001},
  journal = {Computers \& Operations Research},
  volume = {28},
  number = {4},
  pages = {381--396}
}

@article{hochreiterLong1997,
  title = {Long Short-Term Memory},
  author = {Hochreiter, Sepp and Schmidhuber, J{\"u}rgen},
  year = {1997},
  journal = {Neural Computation},
  volume = {9},
  number = {8},
  pages = {1735--1780}
}

@article{igelnik1995stochastic,
  title = {Stochastic Choice of Basis Functions in Adaptive Function Approximation and the Functional-Link Net},
  author = {Igelnik, Boris and Pao, Yoh-Han},
  year = {1995},
  journal = {IEEE Transactions on Neural Networks},
  volume = {6},
  number = {6},
  pages = {1320--1329}
}

@inproceedings{kennedyParticle1995,
  title = {Particle Swarm Optimization},
  booktitle = {International {{Conference}} on {{Neural Networks}}},
  author = {Kennedy, James and Eberhart, Russell},
  year = {1995},
  volume = {4},
  pages = {1942--1948}
}

@article{lecun1995convolutional,
  title = {Convolutional Networks for Images, Speech, and Time Series},
  author = {LeCun, Yann and Bengio, Yoshua and others},
  year = {1995},
  journal = {The Handbook of Brain Theory and Neural Networks},
  volume = {3361},
  number = {10},
  pages = {1995}
}

@book{gershenfeldFuture1993,
  title = {The Future of Time Series},
  author = {Gershenfeld, Neil A and Weigend, Andreas S},
  year = {1993}
}

@inproceedings{schmidt1992feed,
  title = {Feed Forward Neural Networks with Random Weights},
  booktitle = {International {{Conference}} on {{Pattern Recognition}}},
  author = {Schmidt, Wouter F and Kraaijveld, Martin A and Duin, Robert PW and others},
  year = {1992},
  pages = {1}
}

@article{wongTime1991,
  title = {Time Series Forecasting Using Backpropagation Neural Networks},
  author = {Wong, F. S.},
  year = {1991},
  journal = {Neurocomputing},
  volume = {2},
  number = {4},
  pages = {147--159}
}

@book{harveyForecasting1990,
  title = {Forecasting, Structural Time Series Models and the {{Kalman}} Filter},
  author = {Harvey, Andrew C},
  year = {1990}
}

@article{gardnerjrExponential1985,
  title = {Exponential Smoothing: {{The}} State of the Art},
  author = {Gardner Jr, Everette S},
  year = {1985},
  journal = {Journal of Forecasting},
  volume = {4},
  number = {1},
  pages = {1--28}
}

@inproceedings{nesterovMethod1983a,
  title = {A Method of Solving a Convex Programming Problem with Convergence Rate {{O}}(K{$^2$})},
  booktitle = {Doklady {{Akademii Nauk}}},
  author = {Nesterov, Yurii Evgen'evich},
  year = {1983},
  volume = {269},
  pages = {543--547}
}

@article{chatfieldHoltwinters1978,
  title = {The Holt-Winters Forecasting Procedure},
  author = {Chatfield, Chris},
  year = {1978},
  journal = {Journal of the Royal Statistical Society: Series C (Applied Statistics)},
  volume = {27},
  number = {3},
  pages = {264--279}
}

@article{christiaanseShortTerm1971,
  title = {Short-Term Load Forecasting Using General Exponential Smoothing},
  author = {Christiaanse, W. R.},
  year = {1971},
  journal = {IEEE Transactions on Power Apparatus and Systems},
  volume = {PAS-90},
  number = {2},
  pages = {900--911}
}

@article{luhnStatistical1957,
  title = {A Statistical Approach to Mechanized Encoding and Searching of Literary Information},
  author = {Luhn, Hans Peter},
  year = {1957},
  journal = {IBM Journal of research and development},
  volume = {1},
  number = {4},
  pages = {309--317}
}

@article{bennettNewton1916,
  title = {Newton's Method in General Analysis},
  author = {Bennett, Albert A},
  year = {1916},
  journal = {Proceedings of the National Academy of Sciences},
  volume = {2},
  number = {10},
  pages = {592--598}
}
